<record><leader>00000cas a22000007a 4500</leader><controlfield tag="001">28031879</controlfield><controlfield tag="008">930503d189019uunyuwr ne      0    0yid d</controlfield><datafield ind1=" " ind2=" " tag="010"><subfield code="a">sn 93062924 </subfield></datafield><datafield ind1=" " ind2=" " tag="040"><subfield code="a">YOX</subfield><subfield code="b">eng</subfield><subfield code="c">YOX</subfield><subfield code="d">OCL</subfield><subfield code="d">OCLCQ</subfield><subfield code="d">OCLCF</subfield><subfield code="d">OCLCO</subfield><subfield code="d">OCLCQ</subfield></datafield><datafield ind1=" " ind2=" " tag="066"><subfield code="c">(2</subfield></datafield><datafield ind1=" " ind2=" " tag="042"><subfield code="a">msc</subfield></datafield><datafield ind1=" " ind2=" " tag="043"><subfield code="a">n-us-ny</subfield></datafield><datafield ind1=" " ind2="4" tag="060"><subfield code="a">015002136</subfield></datafield><datafield ind1="0" ind2="4" tag="245"><subfield code="6">880-01</subfield><subfield code="a">Der Yudisher herold =</subfield><subfield code="b">The Jewish herald.</subfield></datafield><datafield ind1="3" ind2="1" tag="246"><subfield code="a">Jewish herald</subfield></datafield><datafield ind1=" " ind2=" " tag="260"><subfield code="a">New York [N.Y.] :</subfield><subfield code="b">Jewish Herald Print. &amp; Pub. Co.</subfield></datafield><datafield ind1=" " ind2=" " tag="300"><subfield code="a">volumes</subfield></datafield><datafield ind1=" " ind2=" " tag="310"><subfield code="a">Weekly</subfield></datafield><datafield ind1=" " ind2=" " tag="336"><subfield code="a">text</subfield><subfield code="b">txt</subfield><subfield code="2">rdacontent</subfield></datafield><datafield ind1=" " ind2=" " tag="337"><subfield code="a">unmediated</subfield><subfield code="b">n</subfield><subfield code="2">rdamedia</subfield></datafield><datafield ind1=" " ind2=" " tag="338"><subfield code="a">volume</subfield><subfield code="b">nc</subfield><subfield code="2">rdacarrier</subfield></datafield><datafield ind1="0" ind2=" " tag="362"><subfield code="a">Vol. 1, no. 1 (Jan. 31, 1890)-</subfield></datafield><datafield ind1=" " ind2=" " tag="546"><subfield code="a">In Yiddish.</subfield></datafield><datafield ind1=" " ind2="0" tag="650"><subfield code="a">Jewish newspapers</subfield><subfield code="z">New York (State)</subfield><subfield code="z">New York.</subfield></datafield><datafield ind1=" " ind2="7" tag="650"><subfield code="a">Jewish newspapers.</subfield><subfield code="2">fast</subfield><subfield code="0">(OCoLC)fst00982872</subfield></datafield><datafield ind1=" " ind2="7" tag="651"><subfield code="a">New York (State)</subfield><subfield code="z">New York.</subfield><subfield code="2">fast</subfield><subfield code="0">(OCoLC)fst01204333</subfield></datafield><datafield ind1=" " ind2=" " tag="752"><subfield code="a">United States</subfield><subfield code="b">New York</subfield><subfield code="c">New York</subfield><subfield code="d">New York.</subfield></datafield><datafield ind1="0" ind2="4" tag="880"><subfield code="6">245-01/(2/r</subfield><subfield code="a">&#1491;&#1506;&#1512; &#1497;&#1493;&#1491;&#1497;&#1513;&#1506;&#1512; &#1492;&#1506;&#1512;&#1488;&#1500;&#1491; =</subfield><subfield code="b">The Jewish herald.</subfield></datafield><datafield ind1="1" ind2=" " tag="029"><subfield code="a">AU@</subfield><subfield code="b">000025875223</subfield></datafield></record>